<record><leader>00000cas a22000007a 4500</leader><controlfield tag="001">14813711</controlfield><controlfield tag="008">861121d18921919paucr ne      0    0eng d</controlfield><datafield ind1=" " ind2=" " tag="010"><subfield code="a">sn 86083377 </subfield></datafield><datafield ind1=" " ind2=" " tag="040"><subfield code="a">NPH</subfield><subfield code="b">eng</subfield><subfield code="c">NPH</subfield><subfield code="d">OCLCQ</subfield></datafield><datafield ind1=" " ind2=" " tag="042"><subfield code="a">msc</subfield></datafield><datafield ind1="0" ind2="0" tag="245"><subfield code="a">New Kensington dispatch.</subfield></datafield><datafield ind1="3" ind2="0" tag="246"><subfield code="a">Kensington dispatch</subfield></datafield><datafield ind1=" " ind2=" " tag="260"><subfield code="a">New Kensington, Pa. :</subfield><subfield code="b">Kensington Print. Co.,</subfield><subfield code="c">1892-1919.</subfield></datafield><datafield ind1=" " ind2=" " tag="300"><subfield code="a">27 v. :</subfield><subfield code="b">ill.</subfield></datafield><datafield ind1=" " ind2=" " tag="310"><subfield code="a">Semiweekly,</subfield><subfield code="b">Mar. 23, 1915-Sept. 12, 1919</subfield></datafield><datafield ind1=" " ind2=" " tag="321"><subfield code="a">Weekly,</subfield><subfield code="b">Sept. 10, 1892-Mar. 18, 1915</subfield></datafield><datafield ind1="0" ind2=" " tag="362"><subfield code="a">Vol. 1, no. 42 (Sept. 10, 1892)-v. 27, no. 83 (Sept. 12, 1919).</subfield></datafield><datafield ind1=" " ind2=" " tag="530"><subfield code="a">Also issued in microform.</subfield></datafield><datafield ind1=" " ind2=" " tag="752"><subfield code="a">United States</subfield><subfield code="b">Pennsylvania</subfield><subfield code="c">Westmoreland</subfield><subfield code="d">New Kensington.</subfield></datafield><datafield ind1="0" ind2="0" tag="780"><subfield code="t">Kensington dispatch</subfield><subfield code="w">(DLC)sn 86083376</subfield></datafield><datafield ind1="0" ind2="0" tag="785"><subfield code="t">New Kensington daily dispatch</subfield><subfield code="w">(DLC)sn 86083378</subfield></datafield></record>